
@book{costello2021factorization,
  title={Factorization algebras in quantum field theory},
  author={Costello, Kevin and Gwilliam, Owen},
  year={2021},
  publisher={Cambridge University Press}
}

@book{beilinson2004chiral,
  title={Chiral algebras},
  author={Beilinson, Alexander and Drinfeld, Vladimir},
  volume={51},
  year={2004},
  publisher={American Mathematical Soc.}
}

@book{arnold2012singularities,
  title={Singularities of differentiable maps: Volume II Monodromy and asymptotic integrals},
  author={Arnold, Vladimir Igorevich and Varchenko, Aleksandr Nikolaevich and Gusein-Zade, Sabir Medzhidovich},
  volume={83},
  year={2012},
  publisher={Springer Science \& Business Media}
}

@book{kulikov1998mixed,
  title={Mixed Hodge structures and singularities},
  author={Kulikov, Valentine S},
  number={132},
  year={1998},
  publisher={Cambridge University Press}
}

@inproceedings{saito1983higher,
  title={The higher residue pairings KF(k) for a family of hypersurface singular points},
  author={Saito, Kyoji},
  booktitle={Proceedings of Symposia in pure mathematics},
  volume={40},
  pages={441--463},
  year={1983},
  organization={AMER MATHEMATICAL SOC 201 CHARLES ST, PROVIDENCE, RI 02940-2213}
}

@article{BATALIN198127,
title = {Gauge algebra and quantization},
journal = {Physics Letters B},
volume = {102},
number = {1},
pages = {27-31},
year = {1981},
issn = {0370-2693},
doi = {https://doi.org/10.1016/0370-2693(81)90205-7},
url = {https://www.sciencedirect.com/science/article/pii/0370269381902057},
author = {I.A. Batalin and G.A. Vilkovisky}
}

@article{Li:2017exk,
    author = "Li, Si",
    title = "{Effective Batalin-Vilkovisky quantization and geometric applications}",
    eprint = "1709.00669",
    archivePrefix = "arXiv",
    primaryClass = "math.QA",
    month = "9",
    year = "2017"
}

@book{costello2011renormalization,
  title={Renormalization and effective field theory},
  author={Costello, Kevin},
  series={Mathematical Surveys and Monographs},
  volume={170},
  year={2011},
  publisher={American Mathematical Soc.}
}

@misc{sili2015introqft,
  author = {Si Li},
  title = {Topics in quantum field theory and geometric applications, Spring 2015 (typed notes for the first part of the course)},
  year = {2015},
  howpublished = "\url {https://sili-math.github.io/Intro-QFT.pdf}"
}

@article{bessis1980quantum,
  title= {Quantum field theory techniques in graphical enumeration},
  author={Bessis, Daniel and Itzykson, Claude and Zuber, Jean-Bernard},
  journal={Advances in Applied Mathematics},
  volume={1},
  number={2},
  pages={109--157},
  year={1980},
  publisher={Academic Press}
}

@article{Lada:2021vvm,
    author = "Lada, Tom and Stasheff, Jim",
    title = "The resurgence of $L_\ensuremath{\infty}$-structures in field theory",
    doi = "10.1016/j.difgeo.2021.101755",
    journal = "Differ. Geom. Appl.",
    volume = "77",
    pages = "101755",
    year = "2021"
}

@article{Li:2018rnc,
    author = "Li, Si and Zeng, Keyou",
    title = "Homotopy algebras in higher spin theory",
    eprint = "1807.06037",
    archivePrefix = "arXiv",
    primaryClass = "hep-th",
    doi = "10.4310/ATMP.2020.v24.n3.a5",
    journal = "Adv. Theor. Math. Phys.",
    volume = "24",
    number = "3",
    pages = "757--819",
    year = "2020"
}

@article{Li:2016gcb,
    author = "Li, Si",
    title = "{Vertex algebras and quantum master equation}",
    eprint = "1612.01292",
    archivePrefix = "arXiv",
    primaryClass = "math.QA",
    month = "12",
    year = "2016"
}

@article{Grady:2015ica,
    author = "Grady, Ryan E. and Li, Qin and Li, Si",
    title = "Batalin\textendash{}{V}ilkovisky quantization and the algebraic index",
    eprint = "1507.01812",
    archivePrefix = "arXiv",
    primaryClass = "math.QA",
    doi = "10.1016/j.aim.2017.07.007",
    journal = "Adv. Math.",
    volume = "317",
    pages = "575--639",
    year = "2017"
}

@article{Gui:2019ldd,
    author = "Gui, Zhengping and Li, Si and Xu, Kai",
    title = "Geometry of Localized Effective Theories, Exact Semi-classical Approximation and the Algebraic Index",
    eprint = "1911.11173",
    archivePrefix = "arXiv",
    primaryClass = "math.QA",
    doi = "10.1007/s00220-021-03944-z",
    journal = "Commun. Math. Phys.",
    volume = "382",
    number = "1",
    pages = "441--483",
    year = "2021"
}

@article{Gui:2021dci,
    author = "Gui, Zhengping and Li, Si",
    title = "{Elliptic Trace Map on Chiral Algebras}",
    eprint = "2112.14572",
    archivePrefix = "arXiv",
    primaryClass = "math.QA",
    month = "12",
    year = "2021"
}

@article{bayen1977quantum,
  title="Quantum mechanics as a deformation of classical mechanics",
  author = {Bayen, F and Flato, M and Fronsdal, C and Lichnerowicz, A and Sternheimer, D},
  journal={Letters in Mathematical Physics},
  volume={1},
  number={6},
  pages={521--530},
  year={1977},
  publisher={Springer}
}

@article{BAYEN197861,
title = {Deformation theory and quantization. I. Deformations of symplectic structures},
journal = {Annals of Physics},
volume = {111},
number = {1},
pages = {61-110},
year = {1978},
issn = {0003-4916},
doi = {https://doi.org/10.1016/0003-4916(78)90224-5},
url = {https://www.sciencedirect.com/science/article/pii/0003491678902245},
author = {Bayen, F and Flato, M and Fronsdal, C and Lichnerowicz, A and Sternheimer, D}
}

@article{BAYEN1978111,
title = {Deformation theory and quantization. II. Physical applications},
journal = {Annals of Physics},
volume = {111},
number = {1},
pages = {111-151},
year = {1978},
issn = {0003-4916},
doi = {https://doi.org/10.1016/0003-4916(78)90225-7},
url = {https://www.sciencedirect.com/science/article/pii/0003491678902257},
author = {Bayen, F and Flato, M and Fronsdal, C and Lichnerowicz, A and Sternheimer, D}
}

@article{de1983existence,
  title={Existence of star-products and of formal deformations of the Poisson Lie algebra of arbitrary symplectic manifolds},
  author={De Wilde, Marc and Lecomte, Pierre},
  journal={Letters in Mathematical Physics},
  volume={7},
  number={6},
  pages={487--496},
  year={1983},
  publisher={Springer}
}

@article{fedosov1994simple,
  title={A simple geometrical construction of deformation quantization},
  author={Fedosov, Boris V},
  journal={Journal of differential geometry},
  volume={40},
  number={2},
  pages={213--238},
  year={1994},
  publisher={Lehigh University}
}

@article{Kontsevich:1997vb,
    author = "Kontsevich, Maxim",
    title = "Deformation quantization of {P}oisson manifolds. 1.",
    eprint = "q-alg/9709040",
    archivePrefix = "arXiv",
    doi = "10.1023/B:MATH.0000027508.00421.bf",
    journal = "Lett. Math. Phys.",
    volume = "66",
    pages = "157--216",
    year = "2003"
}

@article{Li:2020ljm,
    author = "Li, Si and Zhou, Jie",
    title = "Regularized integrals on {R}iemann surfaces and modular forms",
    eprint = "2008.07503",
    archivePrefix = "arXiv",
    primaryClass = "math.DG",
    doi = "10.1007/s00220-021-04232-6",
    journal = "Commun. Math. Phys.",
    volume = "388",
    number = "3",
    pages = "1403--1474",
    year = "2021"
}

@article{zhu1994global,
  title={Global vertex operators on Riemann surfaces},
  author={Zhu, Yongchang},
  journal={Commun. Math. Phys.},
  volume={165},
  number={3},
  pages={485--531},
  year={1994},
  publisher={Springer}
}

@article{van2021chiral,
  title={Chiral homology of elliptic curves and the Zhu algebra},
  author={van Ekeren, Jethro and Heluani, Reimundo},
  journal={Commun. Math. Phys.},
  volume={386},
  number={1},
  pages={495--550},
  year={2021},
  publisher={Springer}
}

@article{van2021first,
  title="The First Chiral Homology Group",
  author="van Ekeren, Jethro and Heluani, Reimundo",
  eprint = "2103.06322",
  archivePrefix = "arXiv",
  primaryClass = "math.QA",
  year = "2021"
}

@article{witten1987elliptic,
  title="Elliptic genera and quantum field theory",
  author="Witten, Edward",
  journal="Commun. Math. Phys.",
  volume="109",
  number="4",
  pages="525--536",
  year="1987",
  publisher="Springer"
}

@article{Witten:1987cg,
    author = "Witten, Edward",
    title = "The index of the {D}irac operator in loop space",
    reportNumber = "PUPT-1050",
    doi = "10.1007/BFb0078045",
    journal = "Lect. Notes Math.",
    volume = "1326",
    pages = "161--181",
    year = "1988"
}

@inproceedings{feigin1989riemann,
  title={Riemann-Roch theorem and Lie algebra cohomology},
  author={Feigin, Boris L and Tsygan, BL},
  booktitle={Proceedings of the Winter School "Geometry and Physics"},
  pages={15--52},
  year={1989},
  organization={Circolo Matematico di Palermo}
}

@article{feigin2005hochschild,
  title={Hochschild cohomology of the Weyl algebra and traces in deformation quantization},
  author={Feigin, Boris and Felder, Giovanni and Shoikhet, Boris},
  journal={Duke Mathematical Journal},
  volume={127},
  number={3},
  pages={487--517},
  year={2005},
  publisher={Duke University Press}
}

@article{bressler2002riemann,
  title={Riemann--Roch Theorems via Deformation Quantization, I},
  author={Bressler, Paul and Nest, Ryszard and Tsygan, Boris},
  journal={Advances in Mathematics},
  volume={167},
  number={1},
  pages={1--25},
  year={2002},
  publisher={Elsevier}
}

